<?xml version="1.0" encoding="UTF-8"?><collection xmlns="http://www.loc.gov/MARC21/slim"><record><leader>00654nam--2200205-i-4500</leader><controlfield tag="001">000011835</controlfield><controlfield tag="002">20161230</controlfield><controlfield tag="005">20161230201029</controlfield><controlfield tag="008">060222s1000------------r-----000-0-eng-d</controlfield><datafield ind1=" " ind2=" " tag="020"><subfield code="a">0306382121</subfield></datafield><datafield ind1=" " ind2=" " tag="040"><subfield code="a">IFIN-HH</subfield></datafield><datafield ind1=" " ind2=" " tag="080"><subfield code="a">539.186:539.2</subfield></datafield><datafield ind1="1" ind2=" " tag="100"><subfield code="a">Datz, Sheldon</subfield></datafield><datafield ind1="1" ind2="0" tag="245"><subfield code="a">Atomic collisions in solids</subfield><subfield code="b">International conference on atomic collisions in solids, 5th, gatlingurg, tenn., 1973</subfield><subfield code="c">Sheldon datz, b.r.appleton, c.d.moak (eds.)</subfield></datafield><datafield ind1=" " ind2=" " tag="260"><subfield code="a">New York</subfield><subfield code="b">Plenum Press</subfield><subfield code="c">1975</subfield></datafield><datafield ind1=" " ind2=" " tag="300"><subfield code="a">IN TWO VOLUMES</subfield></datafield><datafield ind1="1" ind2=" " tag="700"><subfield code="a">Moak, C.D</subfield><subfield code="e">Ed</subfield></datafield><datafield ind1="1" ind2=" " tag="787"><subfield code="a">Volume 2</subfield><subfield code="d">Xvi + /481p.-942p.</subfield></datafield><datafield ind1=" " ind2=" " tag="852"><subfield code="a">42351</subfield><subfield code="c">539.2</subfield></datafield><datafield ind1=" " ind2=" " tag="CAT"><subfield code="a">Sys</subfield><subfield code="c">20121024</subfield><subfield code="h">143755</subfield></datafield></record></collection>